<?xml version="1.0" encoding="UTF-8"?><collection xmlns="http://www.loc.gov/MARC21/slim"><record><leader>00388nam--2200133-i-4500</leader><controlfield tag="001">000007943</controlfield><controlfield tag="002">20161230</controlfield><controlfield tag="005">20161230201027</controlfield><controlfield tag="008">060222s1000------------r-----000-0-eng-d</controlfield><datafield ind1=" " ind2=" " tag="080"><subfield code="a">539.18</subfield></datafield><datafield ind1=" " ind2=" " tag="100"><subfield code="a">Chaput,Jacques</subfield></datafield><datafield ind1=" " ind2=" " tag="245"><subfield code="a">Etude de l effet isotopique du au remplacemen t de l hydrogene par le deuterium.theses</subfield></datafield><datafield ind1=" " ind2=" " tag="260"><subfield code="a">Clermont,La Faculte Des Sciences,1964. 50 P</subfield></datafield><datafield ind1=" " ind2=" " tag="852"><subfield code="a">25360</subfield></datafield></record></collection>